<record><leader>00000cas a22000007a 4500</leader><controlfield tag="001">21417597</controlfield><controlfield tag="008">900423d19021952mouwr ne      0    0eng d</controlfield><datafield ind1=" " ind2=" " tag="010"><subfield code="a">sn 90061661 </subfield></datafield><datafield ind1=" " ind2=" " tag="040"><subfield code="a">MQN</subfield><subfield code="b">eng</subfield><subfield code="c">MQN</subfield><subfield code="d">OCLCQ</subfield></datafield><datafield ind1=" " ind2=" " tag="042"><subfield code="a">msc</subfield></datafield><datafield ind1="0" ind2="0" tag="245"><subfield code="a">Rhineland record.</subfield></datafield><datafield ind1=" " ind2=" " tag="260"><subfield code="a">Rhineland, Mo. :</subfield><subfield code="b">MrS.l. Dowling</subfield></datafield><datafield ind1=" " ind2=" " tag="300"><subfield code="a">v.</subfield></datafield><datafield ind1=" " ind2=" " tag="310"><subfield code="a">Weekly</subfield></datafield><datafield ind1="1" ind2=" " tag="362"><subfield code="a">Began in 1902.</subfield></datafield><datafield ind1="0" ind2=" " tag="362"><subfield code="a">-v. 51, no. 48 (Dec. 26, 1952).</subfield></datafield><datafield ind1=" " ind2=" " tag="588"><subfield code="a">Description based on: Vol. 4, no. 27 (Aug. 25, 1905).</subfield></datafield><datafield ind1=" " ind2="4" tag="651"><subfield code="a">Rhineland (Mo.)</subfield><subfield code="v">Newspapers.</subfield></datafield><datafield ind1=" " ind2="4" tag="651"><subfield code="a">Montgomery County (Mo.)</subfield><subfield code="v">Newspapers.</subfield></datafield><datafield ind1=" " ind2=" " tag="752"><subfield code="a">United States</subfield><subfield code="b">Missouri</subfield><subfield code="c">Montgomery</subfield><subfield code="d">Rhineland.</subfield></datafield><datafield ind1="0" ind2="4" tag="785"><subfield code="t">Hermann independent (Hermann, Mo. : 1930)</subfield><subfield code="w">(DLC)sn 89067549</subfield></datafield><datafield ind1="1" ind2=" " tag="029"><subfield code="a">AU@</subfield><subfield code="b">000025854172</subfield></datafield></record>